@online{uclaoarc,
    author = "UCLA Office of Advanced Research Computing",
    title = "How can I perform a factor analysis with categorical (or categorical and continuous) variables?",
    url  = "https://stats.oarc.ucla.edu/stata/faq/how-can-i-perform-a-factor-analysis-with-categorical-or-categorical-and-continuous-variables/",
    addendum = "(accessed: 03.09.2023)",
    keywords = "ucla, oarc, factor analysis"
}

@online{mixedCorr,
    author = "William Revelle",
    title = "mixedCor: Find correlations for mixtures of continuous, polytomous, and dichotomous variables",
    url  = "https://www.rdocumentation.org/packages/psych/versions/2.2.9/topics/mixedCor",
    addendum = "(accessed: 03.09.2023)",
    keywords = "correlation, polychoric, tetrachoric, polyserial"
}

@online{co2data,
    author = "Debajyoti Podder",
    title = "CO2 Emission by Vehicles",
    url  = "https://www.kaggle.com/datasets/debajyotipodder/co2-emission-by-vehicles",
    addendum = "(accessed: 03.09.2023)",
    keywords = "kaggle, co2 emissions, data"
}


